@article{DBLP:journals/corr/BowmanAPM15,
  author    = {Samuel R. Bowman and
               Gabor Angeli and
               Christopher Potts and
               Christopher D. Manning},
  title     = {A large annotated corpus for learning natural language inference},
  journal   = {CoRR},
  volume    = {abs/1508.05326},
  year      = {2015},
  url       = {http://arxiv.org/abs/1508.05326},
  archivePrefix = {arXiv},
  eprint    = {1508.05326},
  timestamp = {Wed, 07 Jun 2017 14:42:55 +0200},
  biburl    = {http://dblp.org/rec/bib/journals/corr/BowmanAPM15},
  bibsource = {dblp computer science bibliography, http://dblp.org}
}

@article{DBLP:journals/corr/ConneauKSBB17,
  author    = {Alexis Conneau and
               Douwe Kiela and
               Holger Schwenk and
               Lo{\"{\i}}c Barrault and
               Antoine Bordes},
  title     = {Supervised Learning of Universal Sentence Representations from Natural
               Language Inference Data},
  journal   = {CoRR},
  volume    = {abs/1705.02364},
  year      = {2017},
  url       = {http://arxiv.org/abs/1705.02364},
  archivePrefix = {arXiv},
  eprint    = {1705.02364},
  timestamp = {Wed, 07 Jun 2017 14:43:10 +0200},
  biburl    = {http://dblp.org/rec/bib/journals/corr/ConneauKSBB17},
  bibsource = {dblp computer science bibliography, http://dblp.org}
}

@InProceedings{habernal.et.al.2018.NAACL.arct,
  title = {The Argument Reasoning Comprehension Task: Identification
  and Reconstruction of Implicit Warrants},
  author = {Habernal, Ivan and Wachsmuth, Henning and
  Gurevych, Iryna and Stein, Benno},
  publisher = {Association for Computational Linguistics},
  booktitle = {Proceedings of the 2018 Conference of the North American
  Chapter of the Association for Computational Linguistics:
  Human Language Technologies},
  pages = {(to appear)},
  month = jun,
  year = {2018},
  address = {New Orleans, LA, USA},
  url = {https://arxiv.org/abs/1708.01425}
}

@article{hochreiter1997long,
  title={Long short-term memory},
  author={Hochreiter, Sepp and Schmidhuber, J{\"u}rgen},
  journal={Neural computation},
  volume={9},
  number={8},
  pages={1735--1780},
  year={1997},
  publisher={MIT Press}
}

@article{DBLP:journals/corr/KingmaB14,
  author    = {Diederik P. Kingma and
               Jimmy Ba},
  title     = {Adam: {A} Method for Stochastic Optimization},
  journal   = {CoRR},
  volume    = {abs/1412.6980},
  year      = {2014},
  url       = {http://arxiv.org/abs/1412.6980},
  archivePrefix = {arXiv},
  eprint    = {1412.6980},
  timestamp = {Wed, 07 Jun 2017 14:40:52 +0200},
  biburl    = {https://dblp.org/rec/bib/journals/corr/KingmaB14},
  bibsource = {dblp computer science bibliography, https://dblp.org}
}

@article{DBLP:journals/corr/MouMYLXZJ16,
  author    = {Lili Mou and
               Zhao Meng and
               Rui Yan and
               Ge Li and
               Yan Xu and
               Lu Zhang and
               Zhi Jin},
  title     = {How Transferable are Neural Networks in {NLP} Applications?},
  journal   = {CoRR},
  volume    = {abs/1603.06111},
  year      = {2016},
  url       = {http://arxiv.org/abs/1603.06111},
  archivePrefix = {arXiv},
  eprint    = {1603.06111},
  timestamp = {Wed, 07 Jun 2017 14:41:06 +0200},
  biburl    = {https://dblp.org/rec/bib/journals/corr/MouMYLXZJ16},
  bibsource = {dblp computer science bibliography, https://dblp.org}
}

@inproceedings{Nair2010RectifiedLU,
  title={Rectified Linear Units Improve Restricted Boltzmann Machines},
  author={Vinod Nair and Geoffrey E. Hinton},
  booktitle={ICML},
  year={2010}
}

@article{DBLP:journals/corr/abs-1710-04334,
  author    = {Allen Nie and
               Erin D. Bennett and
               Noah D. Goodman},
  title     = {DisSent: Sentence Representation Learning from Explicit Discourse
               Relations},
  journal   = {CoRR},
  volume    = {abs/1710.04334},
  year      = {2017},
  url       = {http://arxiv.org/abs/1710.04334},
  archivePrefix = {arXiv},
  eprint    = {1710.04334},
  timestamp = {Wed, 01 Nov 2017 19:05:43 +0100},
  biburl    = {https://dblp.org/rec/bib/journals/corr/abs-1710-04334},
  bibsource = {dblp computer science bibliography, https://dblp.org}
}

@inproceedings{pennington2014glove,
  author = {Jeffrey Pennington and Richard Socher and Christopher D. Manning},
  booktitle = {Empirical Methods in Natural Language Processing (EMNLP)},
  title = {GloVe: Global Vectors for Word Representation},
  year = {2014},
  pages = {1532--1543},
  url = {http://www.aclweb.org/anthology/D14-1162},
}

@article{DBLP:journals/corr/ReimersG17a,
  author    = {Nils Reimers and
               Iryna Gurevych},
  title     = {Reporting Score Distributions Makes a Difference: Performance Study
               of LSTM-networks for Sequence Tagging},
  journal   = {CoRR},
  volume    = {abs/1707.09861},
  year      = {2017},
  url       = {http://arxiv.org/abs/1707.09861},
  archivePrefix = {arXiv},
  eprint    = {1707.09861},
  timestamp = {Sat, 05 Aug 2017 14:56:01 +0200},
  biburl    = {https://dblp.org/rec/bib/journals/corr/ReimersG17a},
  bibsource = {dblp computer science bibliography, https://dblp.org}
}

@article{JMLR:v15:srivastava14a,
  author  = {Nitish Srivastava and Geoffrey Hinton and Alex Krizhevsky and Ilya Sutskever and Ruslan Salakhutdinov},
  title   = {Dropout: A Simple Way to Prevent Neural Networks from Overfitting},
  journal = {Journal of Machine Learning Research},
  year    = {2014},
  volume  = {15},
  pages   = {1929-1958},
  url     = {http://jmlr.org/papers/v15/srivastava14a.html}
}

@book{Toulmin:1958,
	author = {Stephen E. Toulmin},
    title = {The Uses of Argument},
    year = "1958",
    publisher = {Cambridge University Press}
}

@article{DBLP:journals/corr/WilliamsNB17,
  author    = {Adina Williams and
               Nikita Nangia and
               Samuel R. Bowman},
  title     = {A Broad-Coverage Challenge Corpus for Sentence Understanding through
               Inference},
  journal   = {CoRR},
  volume    = {abs/1704.05426},
  year      = {2017},
  url       = {http://arxiv.org/abs/1704.05426},
  archivePrefix = {arXiv},
  eprint    = {1704.05426},
  timestamp = {Wed, 07 Jun 2017 14:41:27 +0200},
  biburl    = {http://dblp.org/rec/bib/journals/corr/WilliamsNB17},
  bibsource = {dblp computer science bibliography, http://dblp.org}
}
